<record><leader>00000cas a2200000 a 4500</leader><controlfield tag="001">16836602</controlfield><controlfield tag="008">871009c19879999miuwr ne      0   a0eng c</controlfield><datafield ind1=" " ind2=" " tag="010"><subfield code="a">sn 87003928 </subfield></datafield><datafield ind1=" " ind2=" " tag="040"><subfield code="a">NSD</subfield><subfield code="b">eng</subfield><subfield code="c">NSD</subfield><subfield code="d">MHN</subfield><subfield code="d">OCL</subfield><subfield code="d">OCLCQ</subfield><subfield code="d">OCLCF</subfield><subfield code="d">OCLCO</subfield></datafield><datafield ind1=" " ind2=" " tag="012"><subfield code="m">1</subfield></datafield><datafield ind1="1" ind2=" " tag="022"><subfield code="a">0895-8580</subfield><subfield code="l">0895-8580</subfield><subfield code="2">1</subfield></datafield><datafield ind1="1" ind2=" " tag="029"><subfield code="a">AU@</subfield><subfield code="b">000020487413</subfield></datafield><datafield ind1=" " ind2=" " tag="032"><subfield code="a">670240</subfield><subfield code="b">USPS</subfield></datafield><datafield ind1=" " ind2=" " tag="037"><subfield code="b">Wayland Printing Co., 133 E. Superior St., Wayland, MI 49348</subfield></datafield><datafield ind1=" " ind2=" " tag="042"><subfield code="a">nsdp</subfield><subfield code="a">pcc</subfield></datafield><datafield ind1=" " ind2="0" tag="222"><subfield code="a">Penasee globe</subfield></datafield><datafield ind1="0" ind2="0" tag="245"><subfield code="a">Penasee globe.</subfield></datafield><datafield ind1="1" ind2="7" tag="246"><subfield code="a">Penasee globe &amp; orbit</subfield></datafield><datafield ind1="3" ind2=" " tag="246"><subfield code="a">Penasee globe and orbit</subfield></datafield><datafield ind1=" " ind2=" " tag="260"><subfield code="a">Wayland, Mich. :</subfield><subfield code="b">Wayland Print. Co.,</subfield><subfield code="c">c1987-</subfield></datafield><datafield ind1=" " ind2=" " tag="300"><subfield code="a">v.</subfield></datafield><datafield ind1=" " ind2=" " tag="310"><subfield code="a">Weekly</subfield></datafield><datafield ind1="0" ind2=" " tag="362"><subfield code="a">Vol. 103, no. 1 (Sept. 23, 1987)-</subfield></datafield><datafield ind1=" " ind2=" " tag="580"><subfield code="a">Formed by the union of: Wayland globe, (Wayland, Mich. : 1906) and: Penasee press.</subfield></datafield><datafield ind1=" " ind2="0" tag="651"><subfield code="a">Wayland (Mich.)</subfield><subfield code="v">Newspapers.</subfield></datafield><datafield ind1=" " ind2="0" tag="651"><subfield code="a">Allegan County (Mich.)</subfield><subfield code="v">Newspapers.</subfield></datafield><datafield ind1=" " ind2="7" tag="655"><subfield code="a">Newspapers.</subfield><subfield code="2">fast</subfield><subfield code="0">(OCoLC)fst01423814</subfield></datafield><datafield ind1=" " ind2="7" tag="651"><subfield code="a">Michigan</subfield><subfield code="z">Allegan County.</subfield><subfield code="2">fast</subfield><subfield code="0">(OCoLC)fst01213215</subfield></datafield><datafield ind1=" " ind2="7" tag="651"><subfield code="a">Michigan</subfield><subfield code="z">Wayland.</subfield><subfield code="2">fast</subfield><subfield code="0">(OCoLC)fst01233055</subfield></datafield><datafield ind1=" " ind2=" " tag="752"><subfield code="a">United States</subfield><subfield code="b">Michigan</subfield><subfield code="c">Allegan</subfield><subfield code="d">Wayland.</subfield></datafield><datafield ind1="1" ind2="4" tag="780"><subfield code="t">Wayland globe (Wayland, Mich. : 1906)</subfield><subfield code="w">(DLC)sn 97063178</subfield><subfield code="w">(OCoLC)36410208</subfield></datafield><datafield ind1="1" ind2="4" tag="780"><subfield code="t">Penasee press</subfield></datafield></record>